<?xml version="1.0" encoding="UTF-8"?><collection xmlns="http://www.loc.gov/MARC21/slim"><record><leader>00525nam--2200181-i-4500</leader><controlfield tag="001">000018825</controlfield><controlfield tag="002">20161230</controlfield><controlfield tag="005">20161230201032</controlfield><controlfield tag="008">060222s1000------------r-----000-0-eng-d</controlfield><datafield ind1=" " ind2=" " tag="040"><subfield code="a">IFIN-HH</subfield></datafield><datafield ind1=" " ind2=" " tag="080"><subfield code="a">518.2</subfield></datafield><datafield ind1="1" ind2=" " tag="100"><subfield code="a">Ingelstam, Erik</subfield></datafield><datafield ind1="1" ind2="0" tag="245"><subfield code="a">Elphyma tables. tables, formulas, nomograms within mathematics-physics-electricity</subfield><subfield code="c">Erik ingelstam, stig sjoberg</subfield></datafield><datafield ind1=" " ind2=" " tag="260"><subfield code="a">New York</subfield><subfield code="b">John Wiley And Sons, Inc</subfield><subfield code="c">1964</subfield></datafield><datafield ind1=" " ind2=" " tag="300"><subfield code="a">101 P</subfield></datafield><datafield ind1="1" ind2=" " tag="700"><subfield code="a">Sjoberg, Stig</subfield></datafield><datafield ind1=" " ind2=" " tag="852"><subfield code="a">22389</subfield></datafield><datafield ind1=" " ind2=" " tag="CAT"><subfield code="a">Sys</subfield><subfield code="c">20160329</subfield><subfield code="h">085707</subfield></datafield></record></collection>